% Encoding: UTF-8

@Article{bibhand,
  Title                    = {Off-Line Handwritten Character Recognition System Using Support Vector Machine},
  Author                   = {Gauri Katiyar, Ankita Katiyar, Shabana Mehfuz},
  Journal                  = {American Journal of Neural Networks and Applications},
  Year                     = {January 2017},
  Pages                    = {2469-7400},
  Volume                   = {3}
}